@article{ballard2013communication,
  title={Communication Optimal Parallel Multiplication of Sparse Random Matrices},
  author={Ballard, Grey and Bulu{\c{c}}, Ayd{\i}n and Demmel, James and Grigori, Laura and Lipshitz, Benjamin and Schwartz, Oded and Toledo, Sivan},
  journal={ArXiv preprint arXiv:1301.1073},
  year={2013},
  institution={University of California at Berkeley, Lawrence Berkeley National Laboratory, INRIA Paris - Rocquencourt, Tel-Aviv University},
  note={Regular Submission}
}
